@online{commi2,
    author = "Валентин Петров",
    title = "КЗадача коммивояжера {[ЭЛ. РЕСУРС] Режим доступа:}",
    url = "http://mech.math.msu.su/~shvetz/54/inf/perl-problems/chCommisVoyageur.xhtml",
    addendum = "(дата обращения: 27.11.2020)",
    keywords = "commi2"
}

@online{geek,
    author = "David Beazly",
    title = "Developing a computational pipeline using the asyncio module in Python3{[ЭЛ. РЕСУРС] Режим доступа:}",
    url = "http://deklund.com/blog/2015/11/22/developing-a-computational-pipeline-using-the-asyncio-module-in-python-3",
    addendum = "(дата обращения: 27.11.2020)",
    keywords = "python, threads"
}

@online{doc,
    author = "Гвидо ван Россум",
    title = "Python documentation{[ЭЛ. РЕСУРС] Режим доступа:}",
    url = "https://docs.python.org/3/library/concurrent.futures.html",
    addendum = "(дата обращения: 22.11.2020)",
    keywords = "python, threads, doc"
}

@online{paral,
    author = "Интуит",
    title = "Введение в технологии параллельного программирования{[ЭЛ. РЕСУРС] Режим доступа:}",
    url = "https://intuit.ru/studies/courses/4447/983/lecture/14925",
    addendum = "(дата обращения: 22.11.2020)",
    keywords = "python, threads, doc"
}