@online{com,
    author = "Home Lisp",
    title = "Введение в Lisp {[ЭЛ. РЕСУРС] Режим доступа:}",
    url = "http://homelisp.ru/help/lisp.html",
    addendum = "(дата обращения: 17.02.2021)",
    keywords = "com"
}